
@book{lillesand2015remote,
  title={Remote sensing and image interpretation},
  author={Lillesand, Thomas and Kiefer, Ralph W and Chipman, Jonathan},
  year={2015},
  publisher={John Wiley \& Sons}
}

@article{ichami2019fertilizer,
  title={Fertilizer response and nitrogen use efficiency in African smallholder maize farms},
  author={Ichami, Stephen M and Shepherd, Keith D and Sila, Andrew M and Stoorvogel, Jetse J and Hoffland, Ellis},
  journal={Nutrient cycling in agroecosystems},
  volume={113},
  number={1},
  pages={1--19},
  year={2019},
  publisher={Springer}
}

@article{chenu2017contribution,
  title={Contribution of crop models to adaptation in wheat},
  author={Chenu, Karine and Porter, John Roy and Martre, Pierre and Basso, Bruno and Chapman, Scott Cameron and Ewert, Frank and Bindi, Marco and Asseng, Senthold},
  journal={Trends in plant science},
  volume={22},
  number={6},
  pages={472--490},
  year={2017},
  publisher={Elsevier}
}

@article{stockle2003cropsyst,
  title={CropSyst, a cropping systems simulation model},
  author={St{\"o}ckle, Claudio O and Donatelli, Marcello and Nelson, Roger},
  journal={European journal of agronomy},
  volume={18},
  number={3-4},
  pages={289--307},
  year={2003},
  publisher={Elsevier}
}

@article{jones2003dssat,
  title={The DSSAT cropping system model},
  author={Jones, James W and Hoogenboom, Gerrit and Porter, Cheryl H and Boote, Ken J and Batchelor, William D and Hunt, LA and Wilkens, Paul W and Singh, Upendra and Gijsman, Arjan J and Ritchie, Joe T},
  journal={European journal of agronomy},
  volume={18},
  number={3-4},
  pages={235--265},
  year={2003},
  publisher={Elsevier}
}